%YAML 1.1
%TAG !u! tag:unity3d.com,2011:
--- !u!50 &4858716096250875316
Rigidbody2D:
  serializedVersion: 4
  m_ObjectHideFlags: 0
  m_CorrespondingSourceObject: {fileID: 0}
  m_PrefabInstance: {fileID: 0}
  m_PrefabAsset: {fileID: 0}
  m_GameObject: {fileID: 2495190749372511559}
  m_BodyType: 0
  m_Simulated: 1
  m_UseFullKinematicContacts: 0
  m_UseAutoMass: 0
  m_Mass: 1
  m_LinearDrag: 0
  m_AngularDrag: 0.05
  m_GravityScale: 1
  m_Material: {fileID: 0}
  m_Interpolate: 0
  m_SleepingMode: 1
  m_CollisionDetection: 0
  m_Constraints: 0
--- !u!1 &4584292941265718385
GameObject:
  m_ObjectHideFlags: 0
  m_CorrespondingSourceObject: {fileID: 0}
  m_PrefabInstance: {fileID: 0}
  m_PrefabAsset: {fileID: 0}
  serializedVersion: 6
  m_Component:
  - component: {fileID: 8144783698819606127}
  - component: {fileID: 5633307506757029924}
  - component: {fileID: 6812565464668532089}
  m_Layer: 0
  m_Name: Bar
  m_TagString: Untagged
  m_Icon: {fileID: 0}
  m_NavMeshLayer: 0
  m_StaticEditorFlags: 0
  m_IsActive: 1
--- !u!4 &8144783698819606127
Transform:
  m_ObjectHideFlags: 0
  m_CorrespondingSourceObject: {fileID: 0}
  m_PrefabInstance: {fileID: 0}
  m_PrefabAsset: {fileID: 0}
  m_GameObject: {fileID: 4584292941265718385}
  m_LocalRotation: {x: 0, y: 0, z: 0, w: 1}
  m_LocalPosition: {x: -0.4, y: 3.28, z: -1.253418}
  m_LocalScale: {x: 22.6, y: 1, z: 1}
  m_Children:
  - {fileID: 8875334227951188957}
  - {fileID: 4642025772506314070}
  - {fileID: 2270546232673779053}
  - {fileID: 2822939434344872369}
  - {fileID: 26902043181570757}
  m_Father: {fileID: 0}
  m_RootOrder: 0
  m_LocalEulerAnglesHint: {x: 0, y: 0, z: 0}
--- !u!212 &5633307506757029924
SpriteRenderer:
  m_ObjectHideFlags: 0
  m_CorrespondingSourceObject: {fileID: 0}
  m_PrefabInstance: {fileID: 0}
  m_PrefabAsset: {fileID: 0}
  m_GameObject: {fileID: 4584292941265718385}
  m_Enabled: 1
  m_CastShadows: 0
  m_ReceiveShadows: 0
  m_DynamicOccludee: 1
  m_MotionVectors: 1
  m_LightProbeUsage: 1
  m_ReflectionProbeUsage: 1
  m_RayTracingMode: 0
  m_RenderingLayerMask: 1
  m_RendererPriority: 0
  m_Materials:
  - {fileID: 10754, guid: 0000000000000000f000000000000000, type: 0}
  m_StaticBatchInfo:
    firstSubMesh: 0
    subMeshCount: 0
  m_StaticBatchRoot: {fileID: 0}
  m_ProbeAnchor: {fileID: 0}
  m_LightProbeVolumeOverride: {fileID: 0}
  m_ScaleInLightmap: 1
  m_ReceiveGI: 1
  m_PreserveUVs: 0
  m_IgnoreNormalsForChartDetection: 0
  m_ImportantGI: 0
  m_StitchLightmapSeams: 1
  m_SelectedEditorRenderState: 0
  m_MinimumChartSize: 4
  m_AutoUVMaxDistance: 0.5
  m_AutoUVMaxAngle: 89
  m_LightmapParameters: {fileID: 0}
  m_SortingLayerID: 0
  m_SortingLayer: 0
  m_SortingOrder: 0
  m_Sprite: {fileID: 10911, guid: 0000000000000000f000000000000000, type: 0}
  m_Color: {r: 1, g: 1, b: 1, a: 1}
  m_FlipX: 0
  m_FlipY: 0
  m_DrawMode: 0
  m_Size: {x: 0.16, y: 0.16}
  m_AdaptiveModeThreshold: 0.5
  m_SpriteTileMode: 0
  m_WasSpriteAssigned: 1
  m_MaskInteraction: 0
  m_SpriteSortPoint: 0
--- !u!50 &6812565464668532089
Rigidbody2D:
  serializedVersion: 4
  m_ObjectHideFlags: 0
  m_CorrespondingSourceObject: {fileID: 0}
  m_PrefabInstance: {fileID: 0}
  m_PrefabAsset: {fileID: 0}
  m_GameObject: {fileID: 4584292941265718385}
  m_BodyType: 0
  m_Simulated: 1
  m_UseFullKinematicContacts: 0
  m_UseAutoMass: 0
  m_Mass: 1
  m_LinearDrag: 0
  m_AngularDrag: 0.05
  m_GravityScale: 1
  m_Material: {fileID: 0}
  m_Interpolate: 0
  m_SleepingMode: 1
  m_CollisionDetection: 0
  m_Constraints: 0
--- !u!1001 &214107660033183817
PrefabInstance:
  m_ObjectHideFlags: 0
  serializedVersion: 2
  m_Modification:
    m_TransformParent: {fileID: 8144783698819606127}
    m_Modifications:
    - target: {fileID: 191185883438123660, guid: 82c7ee16c7e82d64e83afa606d9a6b25,
        type: 3}
      propertyPath: m_LocalPosition.x
      value: 0.04380531
      objectReference: {fileID: 0}
    - target: {fileID: 191185883438123660, guid: 82c7ee16c7e82d64e83afa606d9a6b25,
        type: 3}
      propertyPath: m_LocalPosition.y
      value: -3.28
      objectReference: {fileID: 0}
    - target: {fileID: 191185883438123660, guid: 82c7ee16c7e82d64e83afa606d9a6b25,
        type: 3}
      propertyPath: m_LocalPosition.z
      value: 1.253418
      objectReference: {fileID: 0}
    - target: {fileID: 191185883438123660, guid: 82c7ee16c7e82d64e83afa606d9a6b25,
        type: 3}
      propertyPath: m_LocalRotation.x
      value: -0
      objectReference: {fileID: 0}
    - target: {fileID: 191185883438123660, guid: 82c7ee16c7e82d64e83afa606d9a6b25,
        type: 3}
      propertyPath: m_LocalRotation.y
      value: -0
      objectReference: {fileID: 0}
    - target: {fileID: 191185883438123660, guid: 82c7ee16c7e82d64e83afa606d9a6b25,
        type: 3}
      propertyPath: m_LocalRotation.z
      value: -0
      objectReference: {fileID: 0}
    - target: {fileID: 191185883438123660, guid: 82c7ee16c7e82d64e83afa606d9a6b25,
        type: 3}
      propertyPath: m_LocalRotation.w
      value: 1
      objectReference: {fileID: 0}
    - target: {fileID: 191185883438123660, guid: 82c7ee16c7e82d64e83afa606d9a6b25,
        type: 3}
      propertyPath: m_RootOrder
      value: 4
      objectReference: {fileID: 0}
    - target: {fileID: 191185883438123660, guid: 82c7ee16c7e82d64e83afa606d9a6b25,
        type: 3}
      propertyPath: m_LocalEulerAnglesHint.x
      value: 0
      objectReference: {fileID: 0}
    - target: {fileID: 191185883438123660, guid: 82c7ee16c7e82d64e83afa606d9a6b25,
        type: 3}
      propertyPath: m_LocalEulerAnglesHint.y
      value: 0
      objectReference: {fileID: 0}
    - target: {fileID: 191185883438123660, guid: 82c7ee16c7e82d64e83afa606d9a6b25,
        type: 3}
      propertyPath: m_LocalEulerAnglesHint.z
      value: 0
      objectReference: {fileID: 0}
    - target: {fileID: 191185883438123660, guid: 82c7ee16c7e82d64e83afa606d9a6b25,
        type: 3}
      propertyPath: m_LocalScale.x
      value: 0.044247787
      objectReference: {fileID: 0}
    - target: {fileID: 2409409343432894625, guid: 82c7ee16c7e82d64e83afa606d9a6b25,
        type: 3}
      propertyPath: m_ConnectedAnchor.x
      value: 0.59000003
      objectReference: {fileID: 0}
    - target: {fileID: 2409409343432894625, guid: 82c7ee16c7e82d64e83afa606d9a6b25,
        type: 3}
      propertyPath: m_ConnectedAnchor.y
      value: 1.6
      objectReference: {fileID: 0}
    - target: {fileID: 6569640510270669846, guid: 82c7ee16c7e82d64e83afa606d9a6b25,
        type: 3}
      propertyPath: m_Name
      value: BallFive
      objectReference: {fileID: 0}
    m_RemovedComponents: []
  m_SourcePrefab: {fileID: 100100000, guid: 82c7ee16c7e82d64e83afa606d9a6b25, type: 3}
--- !u!4 &26902043181570757 stripped
Transform:
  m_CorrespondingSourceObject: {fileID: 191185883438123660, guid: 82c7ee16c7e82d64e83afa606d9a6b25,
    type: 3}
  m_PrefabInstance: {fileID: 214107660033183817}
  m_PrefabAsset: {fileID: 0}
--- !u!1001 &2100264333034993633
PrefabInstance:
  m_ObjectHideFlags: 0
  serializedVersion: 2
  m_Modification:
    m_TransformParent: {fileID: 8144783698819606127}
    m_Modifications:
    - target: {fileID: 191185883438123660, guid: 82c7ee16c7e82d64e83afa606d9a6b25,
        type: 3}
      propertyPath: m_LocalPosition.x
      value: -0.004867256
      objectReference: {fileID: 0}
    - target: {fileID: 191185883438123660, guid: 82c7ee16c7e82d64e83afa606d9a6b25,
        type: 3}
      propertyPath: m_LocalPosition.y
      value: -3.28
      objectReference: {fileID: 0}
    - target: {fileID: 191185883438123660, guid: 82c7ee16c7e82d64e83afa606d9a6b25,
        type: 3}
      propertyPath: m_LocalPosition.z
      value: 1.253418
      objectReference: {fileID: 0}
    - target: {fileID: 191185883438123660, guid: 82c7ee16c7e82d64e83afa606d9a6b25,
        type: 3}
      propertyPath: m_LocalRotation.x
      value: -0
      objectReference: {fileID: 0}
    - target: {fileID: 191185883438123660, guid: 82c7ee16c7e82d64e83afa606d9a6b25,
        type: 3}
      propertyPath: m_LocalRotation.y
      value: -0
      objectReference: {fileID: 0}
    - target: {fileID: 191185883438123660, guid: 82c7ee16c7e82d64e83afa606d9a6b25,
        type: 3}
      propertyPath: m_LocalRotation.z
      value: -0
      objectReference: {fileID: 0}
    - target: {fileID: 191185883438123660, guid: 82c7ee16c7e82d64e83afa606d9a6b25,
        type: 3}
      propertyPath: m_LocalRotation.w
      value: 1
      objectReference: {fileID: 0}
    - target: {fileID: 191185883438123660, guid: 82c7ee16c7e82d64e83afa606d9a6b25,
        type: 3}
      propertyPath: m_RootOrder
      value: 2
      objectReference: {fileID: 0}
    - target: {fileID: 191185883438123660, guid: 82c7ee16c7e82d64e83afa606d9a6b25,
        type: 3}
      propertyPath: m_LocalEulerAnglesHint.x
      value: 0
      objectReference: {fileID: 0}
    - target: {fileID: 191185883438123660, guid: 82c7ee16c7e82d64e83afa606d9a6b25,
        type: 3}
      propertyPath: m_LocalEulerAnglesHint.y
      value: 0
      objectReference: {fileID: 0}
    - target: {fileID: 191185883438123660, guid: 82c7ee16c7e82d64e83afa606d9a6b25,
        type: 3}
      propertyPath: m_LocalEulerAnglesHint.z
      value: 0
      objectReference: {fileID: 0}
    - target: {fileID: 191185883438123660, guid: 82c7ee16c7e82d64e83afa606d9a6b25,
        type: 3}
      propertyPath: m_LocalScale.x
      value: 0.044247787
      objectReference: {fileID: 0}
    - target: {fileID: 2409409343432894625, guid: 82c7ee16c7e82d64e83afa606d9a6b25,
        type: 3}
      propertyPath: m_ConnectedAnchor.x
      value: -0.51
      objectReference: {fileID: 0}
    - target: {fileID: 2409409343432894625, guid: 82c7ee16c7e82d64e83afa606d9a6b25,
        type: 3}
      propertyPath: m_ConnectedAnchor.y
      value: 1.6
      objectReference: {fileID: 0}
    - target: {fileID: 6569640510270669846, guid: 82c7ee16c7e82d64e83afa606d9a6b25,
        type: 3}
      propertyPath: m_Name
      value: BallThree
      objectReference: {fileID: 0}
    m_RemovedComponents: []
  m_SourcePrefab: {fileID: 100100000, guid: 82c7ee16c7e82d64e83afa606d9a6b25, type: 3}
--- !u!4 &2270546232673779053 stripped
Transform:
  m_CorrespondingSourceObject: {fileID: 191185883438123660, guid: 82c7ee16c7e82d64e83afa606d9a6b25,
    type: 3}
  m_PrefabInstance: {fileID: 2100264333034993633}
  m_PrefabAsset: {fileID: 0}
--- !u!1001 &2705012979886682941
PrefabInstance:
  m_ObjectHideFlags: 0
  serializedVersion: 2
  m_Modification:
    m_TransformParent: {fileID: 8144783698819606127}
    m_Modifications:
    - target: {fileID: 191185883438123660, guid: 82c7ee16c7e82d64e83afa606d9a6b25,
        type: 3}
      propertyPath: m_LocalPosition.x
      value: 0.019159293
      objectReference: {fileID: 0}
    - target: {fileID: 191185883438123660, guid: 82c7ee16c7e82d64e83afa606d9a6b25,
        type: 3}
      propertyPath: m_LocalPosition.y
      value: -3.28
      objectReference: {fileID: 0}
    - target: {fileID: 191185883438123660, guid: 82c7ee16c7e82d64e83afa606d9a6b25,
        type: 3}
      propertyPath: m_LocalPosition.z
      value: 1.253418
      objectReference: {fileID: 0}
    - target: {fileID: 191185883438123660, guid: 82c7ee16c7e82d64e83afa606d9a6b25,
        type: 3}
      propertyPath: m_LocalRotation.x
      value: -0
      objectReference: {fileID: 0}
    - target: {fileID: 191185883438123660, guid: 82c7ee16c7e82d64e83afa606d9a6b25,
        type: 3}
      propertyPath: m_LocalRotation.y
      value: -0
      objectReference: {fileID: 0}
    - target: {fileID: 191185883438123660, guid: 82c7ee16c7e82d64e83afa606d9a6b25,
        type: 3}
      propertyPath: m_LocalRotation.z
      value: -0
      objectReference: {fileID: 0}
    - target: {fileID: 191185883438123660, guid: 82c7ee16c7e82d64e83afa606d9a6b25,
        type: 3}
      propertyPath: m_LocalRotation.w
      value: 1
      objectReference: {fileID: 0}
    - target: {fileID: 191185883438123660, guid: 82c7ee16c7e82d64e83afa606d9a6b25,
        type: 3}
      propertyPath: m_RootOrder
      value: 3
      objectReference: {fileID: 0}
    - target: {fileID: 191185883438123660, guid: 82c7ee16c7e82d64e83afa606d9a6b25,
        type: 3}
      propertyPath: m_LocalEulerAnglesHint.x
      value: 0
      objectReference: {fileID: 0}
    - target: {fileID: 191185883438123660, guid: 82c7ee16c7e82d64e83afa606d9a6b25,
        type: 3}
      propertyPath: m_LocalEulerAnglesHint.y
      value: 0
      objectReference: {fileID: 0}
    - target: {fileID: 191185883438123660, guid: 82c7ee16c7e82d64e83afa606d9a6b25,
        type: 3}
      propertyPath: m_LocalEulerAnglesHint.z
      value: 0
      objectReference: {fileID: 0}
    - target: {fileID: 191185883438123660, guid: 82c7ee16c7e82d64e83afa606d9a6b25,
        type: 3}
      propertyPath: m_LocalScale.x
      value: 0.044247787
      objectReference: {fileID: 0}
    - target: {fileID: 2409409343432894625, guid: 82c7ee16c7e82d64e83afa606d9a6b25,
        type: 3}
      propertyPath: m_ConnectedAnchor.x
      value: 0.033000022
      objectReference: {fileID: 0}
    - target: {fileID: 2409409343432894625, guid: 82c7ee16c7e82d64e83afa606d9a6b25,
        type: 3}
      propertyPath: m_ConnectedAnchor.y
      value: 1.6
      objectReference: {fileID: 0}
    - target: {fileID: 6569640510270669846, guid: 82c7ee16c7e82d64e83afa606d9a6b25,
        type: 3}
      propertyPath: m_Name
      value: BallFour
      objectReference: {fileID: 0}
    m_RemovedComponents: []
  m_SourcePrefab: {fileID: 100100000, guid: 82c7ee16c7e82d64e83afa606d9a6b25, type: 3}
--- !u!4 &2822939434344872369 stripped
Transform:
  m_CorrespondingSourceObject: {fileID: 191185883438123660, guid: 82c7ee16c7e82d64e83afa606d9a6b25,
    type: 3}
  m_PrefabInstance: {fileID: 2705012979886682941}
  m_PrefabAsset: {fileID: 0}
--- !u!1001 &4813489644728778714
PrefabInstance:
  m_ObjectHideFlags: 0
  serializedVersion: 2
  m_Modification:
    m_TransformParent: {fileID: 8144783698819606127}
    m_Modifications:
    - target: {fileID: 191185883438123660, guid: 82c7ee16c7e82d64e83afa606d9a6b25,
        type: 3}
      propertyPath: m_LocalPosition.x
      value: -0.029336283
      objectReference: {fileID: 0}
    - target: {fileID: 191185883438123660, guid: 82c7ee16c7e82d64e83afa606d9a6b25,
        type: 3}
      propertyPath: m_LocalPosition.y
      value: -3.28
      objectReference: {fileID: 0}
    - target: {fileID: 191185883438123660, guid: 82c7ee16c7e82d64e83afa606d9a6b25,
        type: 3}
      propertyPath: m_LocalPosition.z
      value: 1.253418
      objectReference: {fileID: 0}
    - target: {fileID: 191185883438123660, guid: 82c7ee16c7e82d64e83afa606d9a6b25,
        type: 3}
      propertyPath: m_LocalRotation.x
      value: -0
      objectReference: {fileID: 0}
    - target: {fileID: 191185883438123660, guid: 82c7ee16c7e82d64e83afa606d9a6b25,
        type: 3}
      propertyPath: m_LocalRotation.y
      value: -0
      objectReference: {fileID: 0}
    - target: {fileID: 191185883438123660, guid: 82c7ee16c7e82d64e83afa606d9a6b25,
        type: 3}
      propertyPath: m_LocalRotation.z
      value: -0
      objectReference: {fileID: 0}
    - target: {fileID: 191185883438123660, guid: 82c7ee16c7e82d64e83afa606d9a6b25,
        type: 3}
      propertyPath: m_LocalRotation.w
      value: 1
      objectReference: {fileID: 0}
    - target: {fileID: 191185883438123660, guid: 82c7ee16c7e82d64e83afa606d9a6b25,
        type: 3}
      propertyPath: m_RootOrder
      value: 1
      objectReference: {fileID: 0}
    - target: {fileID: 191185883438123660, guid: 82c7ee16c7e82d64e83afa606d9a6b25,
        type: 3}
      propertyPath: m_LocalEulerAnglesHint.x
      value: 0
      objectReference: {fileID: 0}
    - target: {fileID: 191185883438123660, guid: 82c7ee16c7e82d64e83afa606d9a6b25,
        type: 3}
      propertyPath: m_LocalEulerAnglesHint.y
      value: 0
      objectReference: {fileID: 0}
    - target: {fileID: 191185883438123660, guid: 82c7ee16c7e82d64e83afa606d9a6b25,
        type: 3}
      propertyPath: m_LocalEulerAnglesHint.z
      value: 0
      objectReference: {fileID: 0}
    - target: {fileID: 191185883438123660, guid: 82c7ee16c7e82d64e83afa606d9a6b25,
        type: 3}
      propertyPath: m_LocalScale.x
      value: 0.044247787
      objectReference: {fileID: 0}
    - target: {fileID: 2409409343432894625, guid: 82c7ee16c7e82d64e83afa606d9a6b25,
        type: 3}
      propertyPath: m_ConnectedAnchor.x
      value: -1.063
      objectReference: {fileID: 0}
    - target: {fileID: 2409409343432894625, guid: 82c7ee16c7e82d64e83afa606d9a6b25,
        type: 3}
      propertyPath: m_ConnectedAnchor.y
      value: 1.6
      objectReference: {fileID: 0}
    - target: {fileID: 6569640510270669846, guid: 82c7ee16c7e82d64e83afa606d9a6b25,
        type: 3}
      propertyPath: m_Name
      value: BallTwo
      objectReference: {fileID: 0}
    m_RemovedComponents: []
  m_SourcePrefab: {fileID: 100100000, guid: 82c7ee16c7e82d64e83afa606d9a6b25, type: 3}
--- !u!4 &4642025772506314070 stripped
Transform:
  m_CorrespondingSourceObject: {fileID: 191185883438123660, guid: 82c7ee16c7e82d64e83afa606d9a6b25,
    type: 3}
  m_PrefabInstance: {fileID: 4813489644728778714}
  m_PrefabAsset: {fileID: 0}
--- !u!1001 &8758586449944867153
PrefabInstance:
  m_ObjectHideFlags: 0
  serializedVersion: 2
  m_Modification:
    m_TransformParent: {fileID: 8144783698819606127}
    m_Modifications:
    - target: {fileID: 191185883438123660, guid: 82c7ee16c7e82d64e83afa606d9a6b25,
        type: 3}
      propertyPath: m_LocalPosition.x
      value: -0.053539824
      objectReference: {fileID: 0}
    - target: {fileID: 191185883438123660, guid: 82c7ee16c7e82d64e83afa606d9a6b25,
        type: 3}
      propertyPath: m_LocalPosition.y
      value: -3.28
      objectReference: {fileID: 0}
    - target: {fileID: 191185883438123660, guid: 82c7ee16c7e82d64e83afa606d9a6b25,
        type: 3}
      propertyPath: m_LocalPosition.z
      value: 1.253418
      objectReference: {fileID: 0}
    - target: {fileID: 191185883438123660, guid: 82c7ee16c7e82d64e83afa606d9a6b25,
        type: 3}
      propertyPath: m_LocalRotation.x
      value: -0
      objectReference: {fileID: 0}
    - target: {fileID: 191185883438123660, guid: 82c7ee16c7e82d64e83afa606d9a6b25,
        type: 3}
      propertyPath: m_LocalRotation.y
      value: -0
      objectReference: {fileID: 0}
    - target: {fileID: 191185883438123660, guid: 82c7ee16c7e82d64e83afa606d9a6b25,
        type: 3}
      propertyPath: m_LocalRotation.z
      value: -0
      objectReference: {fileID: 0}
    - target: {fileID: 191185883438123660, guid: 82c7ee16c7e82d64e83afa606d9a6b25,
        type: 3}
      propertyPath: m_LocalRotation.w
      value: 1
      objectReference: {fileID: 0}
    - target: {fileID: 191185883438123660, guid: 82c7ee16c7e82d64e83afa606d9a6b25,
        type: 3}
      propertyPath: m_RootOrder
      value: 0
      objectReference: {fileID: 0}
    - target: {fileID: 191185883438123660, guid: 82c7ee16c7e82d64e83afa606d9a6b25,
        type: 3}
      propertyPath: m_LocalEulerAnglesHint.x
      value: 0
      objectReference: {fileID: 0}
    - target: {fileID: 191185883438123660, guid: 82c7ee16c7e82d64e83afa606d9a6b25,
        type: 3}
      propertyPath: m_LocalEulerAnglesHint.y
      value: 0
      objectReference: {fileID: 0}
    - target: {fileID: 191185883438123660, guid: 82c7ee16c7e82d64e83afa606d9a6b25,
        type: 3}
      propertyPath: m_LocalEulerAnglesHint.z
      value: 0
      objectReference: {fileID: 0}
    - target: {fileID: 191185883438123660, guid: 82c7ee16c7e82d64e83afa606d9a6b25,
        type: 3}
      propertyPath: m_LocalScale.x
      value: 0.044247787
      objectReference: {fileID: 0}
    - target: {fileID: 2409409343432894625, guid: 82c7ee16c7e82d64e83afa606d9a6b25,
        type: 3}
      propertyPath: m_ConnectedAnchor.x
      value: -1.61
      objectReference: {fileID: 0}
    - target: {fileID: 2409409343432894625, guid: 82c7ee16c7e82d64e83afa606d9a6b25,
        type: 3}
      propertyPath: m_ConnectedAnchor.y
      value: 1.6
      objectReference: {fileID: 0}
    - target: {fileID: 6569640510270669846, guid: 82c7ee16c7e82d64e83afa606d9a6b25,
        type: 3}
      propertyPath: m_Name
      value: BallOne
      objectReference: {fileID: 0}
    m_RemovedComponents: []
  m_SourcePrefab: {fileID: 100100000, guid: 82c7ee16c7e82d64e83afa606d9a6b25, type: 3}
--- !u!1 &2495190749372511559 stripped
GameObject:
  m_CorrespondingSourceObject: {fileID: 6569640510270669846, guid: 82c7ee16c7e82d64e83afa606d9a6b25,
    type: 3}
  m_PrefabInstance: {fileID: 8758586449944867153}
  m_PrefabAsset: {fileID: 0}
--- !u!4 &8875334227951188957 stripped
Transform:
  m_CorrespondingSourceObject: {fileID: 191185883438123660, guid: 82c7ee16c7e82d64e83afa606d9a6b25,
    type: 3}
  m_PrefabInstance: {fileID: 8758586449944867153}
  m_PrefabAsset: {fileID: 0}
